@InProceedings{nayar_ip_i,
author = {S.K. Nayar},
title = {{I}mage {P}rocessing I},
booktitle = {Monograph FPCV-1-4, First Principles of Computer Vision},
address = {Columbia University, New York},
month = {Mar},
year = {2022}
}
@book{Klette14,
   author = {Klette, Reinhard},
  biburl = {https://www.bibsonomy.org/bibtex/2555e90d4b2c688f7040f5a9daa01f21f/dblp},
  isbn = {978-1-4471-6319-0},
  pages = {1-413},
  publisher = {Springer},
  series = {Undergraduate Topics in Computer Science},
  title = {Concise Computer Vision - An Introduction into Theory and Algorithms},
  url = {http://dx.doi.org/10.1007/978-1-4471-6320-6},
  year = 2014
}
@InProceedings{nayar_edge_detection,
author = {S.K. Nayar},
title = {{E}dge {D}etection},
booktitle = {Monograph FPCV-2-1, First Principles of Computer Vision},
address = {Columbia University, New York},
month = {May},
year = {2022}
}

@article{opencv_library,
    author = {Bradski, G.},
    citeulike-article-id = {2236121},
    journal = {Dr. Dobb's Journal of Software Tools},
    keywords = {bibtex-import},
    posted-at = {2008-01-15 19:21:54},
    priority = {4},
    title = {{The OpenCV Library}},
    year = {2000}
}

@article{canny_paper,
author = {Canny, John},
year = {1986},
month = {12},
pages = {679 - 698},
title = {A Computational Approach To Edge Detection},
volume = {PAMI-8},
isbn = {9780080515816},
journal = {Pattern Analysis and Machine Intelligence, IEEE Transactions on},
doi = {10.1109/TPAMI.1986.4767851}
}

@book{learning_opencv,
  added-at = {2011-01-27T09:16:28.000+0100},
  author = {Bradski, Adrian},
  biburl = {https://www.bibsonomy.org/bibtex/2504daa40e3c3bffa0224d5f1770affe5/wahlau},
  booktitle = { Learning OpenCV },
  coverage = {XVII, 555 S.},
  description = {Gefunden im HeBIS-Portal: http://www.portal.hebis.de/},
  edition = { 1. ed. },
  interhash = {bad5d75f70ce2f8ef8d3d3e8033a3992},
  intrahash = {504daa40e3c3bffa0224d5f1770affe5},
  isbn = {0-596-51613-4},
  keywords = {computer learning opencv vision},
  note = { Gary Bradski and Adrian Kaehler },
  publisher = { O`Reilly Media },
  publisherplace = {Beijing [u.a.]},
  timestamp = {2011-01-27T09:16:28.000+0100},
  title = { Learning OpenCV, [Computer Vision with OpenCV Library ; software that sees] },
  year = { 2008 }
}

@InProceedings{nayar_boundary_detection,
author = {S.K. Nayar},
title = {{B}oundary {D}etection},
booktitle = {Monograph FPCV-2-2, First Principles of Computer Vision},
address = {Columbia University, New York},
month = {Jun},
year = {2022}
}

@article{suzuki_contour,
  added-at = {2013-11-12T15:32:42.000+0100},
  author = {Suzuki, Satoshi and Abe, Keiichi},
  biburl = {https://www.bibsonomy.org/bibtex/2ad5f28891fb63752f5c5b739a8dcfc2d/himank},
  description = {dblp},
  ee = {http://dx.doi.org/10.1016/0734-189X(85)90016-7},
  interhash = {6ebecf05bd8fd5de51037ab7d86431fb},
  intrahash = {ad5f28891fb63752f5c5b739a8dcfc2d},
  journal = {Computer Vision, Graphics, and Image Processing},
  keywords = {algorithm contours draw to},
  number = 1,
  pages = {32-46},
  timestamp = {2013-11-12T15:32:42.000+0100},
  title = {Topological structural analysis of digitized binary images by border following.},
  url = {http://dblp.uni-trier.de/db/journals/cvgip/cvgip30.html#SuzukiA85},
  volume = 30,
  year = 1985
}

@online{aldebaran_robotics,
    author = "Aldebaran Robotics",
    title = "NAO Software 1.14.5 documentation",
  note = {\url{http://doc.aldebaran.com/1-14/dev/python/index.html}[Online; accessed 2023-09-01]}
}

@misc{suzuki_online,
  author = {kang \& atul},
  title = {SUZUKI CONTOUR ALGORITHM OPENCV},
  year = "2019",
  note = {\url{https://theailearner.com/tag/suzuki-contour-algorithm-opencv/}[Online; accessed 2023-09-02]}
}

@Thesis{deep_learning,
    author      = {Yann Philippczyk},
    title       = {Implementing Deep Learning Object Recognition on NAO},
    type        = {bathesis},
    institution = {Hochschule der Medien Stuttgart},
    year        = {2016},
}

@misc{cascade_classifier,
  author = "OpenCV",
  title = {OpenCV: Cascade Classifier},
  year = "2023",
  note = {\url{https://docs.opencv.org/3.4/db/d28/tutorial_cascade_classifier.html}[Online; accessed 2023-09-08]}
}

@misc{template_matching,
  author = "OpenCV",
  title = {OpenCV: Template Matching},
  year = "2023",
  note = {\url{
https://docs.opencv.org/3.4/de/da9/tutorial_template_matching.h}[Online; accessed 2023-09-08]}
}

@misc{autoload_skripts,
  author = "Aldebaran Robotics",
  title = {Running Python code on startup},
  year = "2023",
  note = {\url{http://doc.aldebaran.com/1-14/dev/python/running_python_code_on_the_robot.html} [Online; accessed 2023-09-12]}
}

@misc{nao_tictactoe_magnets,
  author = "Youtube",
  title = {Nao Robot-playing tic tac toe},
  year = "2011",
  note = {\url{
https://www.youtube.com/watch?app=desktop&v=WLemr3WspXE} [Online; accessed 2023-09-12]}
}

@misc{nao_tictactoe_pen,
  author = "Youtube",
  title = {NAO playing Tic Tac Toe},
  year = "2016",
  note = {\url{
https://www.youtube.com/watch?v=zW_q048Ql6I} [Online; accessed 2023-09-12]}
}

@misc{nao_connect4_1,
  author = "Youtube",
  title = {Nao Connect 4},
  year = "2012",
note = {\url{
https://www.youtube.com/watch?v=lxyRxHNwvXM} [Online; accessed 2023-09-12]}
}

@misc{nao_connect4_2,
  author = "Youtube",
  title = {Connect4NAO: NAO Robot plays Connect 4},
  year = "2016",
note = {\url{
https://www.youtube.com/watch?v=UyRx1V4rx-M} [Online; accessed 2023-09-12]}
}

@misc{python_sdk_28,
  author = "Aldebaran Robotics",
  title = {Python SDK Installation Guide for 2.8},
  year = "2023",
note = {\url{
http://doc.aldebaran.com/2-8/dev/python/install_guide.html#python-install-guide} [Online; accessed 2023-09-13]}
}

@misc{python_sdk_21,
  author = "Aldebaran Robotics",
  title = {Python SDK Installation Guide for 2.1},
  year = "2023",
note = {\url{
http://doc.aldebaran.com/2-1/dev/python/install_guide.html#python-install-guide} [Online; accessed 2023-09-13]}
}

@misc{choregraphe_28,
  author = "Aldebaran Robotics",
  title = {Choregraphe Installation Guide for 2.8},
  year = "2023",
note = {\url{
http://doc.aldebaran.com/2-8/software/choregraphe/installing.html#desktop-installation-cho-installing} [Online; accessed 2023-09-13]}
}

@misc{choregraphe_21,
  author = "Aldebaran Robotics",
  title = {Choregraphe Installation Guide for 2.1},
  year = "2023",
note = {\url{
http://doc.aldebaran.com/2-1/getting_started/installing.html} [Online; accessed 2023-09-13]}
}
