@InProceedings{CAVE_0394,
author = {S.K. Nayar},
title = {{I}mage {P}rocessing I},
booktitle = {Monograph FPCV-1-4, First Principles of Computer Vision},
address = {Columbia University, New York},
month = {Mar},
year = {2022}
}